<mx:record xmlns="http://www.w3.org/TR/xhtml1/strict" xmlns:mx="http://www.loc.gov/MARC21/slim"><mx:leader>00037nz 2200037n 45 0</mx:leader><mx:controlfield tag="001">DNB|102396744</mx:controlfield><mx:controlfield tag="003">DNB</mx:controlfield><mx:controlfield tag="005">19960808164317.0</mx:controlfield><mx:controlfield tag="008">930416|||az|nnaa|||||||||||| a|aaa|||| d</mx:controlfield><mx:datafield ind1="7" ind2=" " tag="016"><mx:subfield code="a">102396744</mx:subfield><mx:subfield code="2">GyFmDB</mx:subfield></mx:datafield><mx:datafield ind1=" " ind2=" " tag="040"><mx:subfield code="a">0000</mx:subfield><mx:subfield code="b">ger</mx:subfield><mx:subfield code="d">9999</mx:subfield><mx:subfield code="f">RAK-PND</mx:subfield></mx:datafield><mx:datafield ind1="1" ind2=" " tag="045"><mx:subfield code="b">dgest. 93 n. Chr.</mx:subfield></mx:datafield><mx:datafield ind1="1" ind2=" " tag="100"><mx:subfield code="a">Iunius Arulenus Rusticus, Quintus</mx:subfield><mx:subfield code="d">gest. 93 n. Chr.</mx:subfield></mx:datafield><mx:datafield ind1="0" ind2=" " tag="400"><mx:subfield code="a">Iunius Arulenus,</mx:subfield><mx:subfield code="c">Rusticus</mx:subfield><mx:subfield code="d">gest. 93 n. Chr.</mx:subfield></mx:datafield><mx:datafield ind1="1" ind2=" " tag="400"><mx:subfield code="a">Arulenus Rusticus, Quintus Iunius</mx:subfield><mx:subfield code="d">gest. 93 n. Chr.</mx:subfield></mx:datafield><mx:datafield ind1="1" ind2=" " tag="400"><mx:subfield code="a">Rusticus, Quintus Iunius Arulenus</mx:subfield><mx:subfield code="d">gest. 93 n. Chr.</mx:subfield></mx:datafield><mx:leader>00037 Mon2200037May 05 17:22:12 EDT 2008 Mon May 05 17:22:12 EDT 2008 476 45
    0</mx:leader></mx:record>